@article{Rubi2019,
   author = {Jesús N.S. Rubí and Paulo R.L. Gondim},
   doi = {10.3390/S19194283},
   issn = {1424-8220},
   issue = {19},
   journal = {Sensors 2019, Vol. 19, Page 4283},
   keywords = {FHIR,Health,IoMT,M2M,OpenEHR,data mining,data warehouse,e,pervasive healthcare,semantic interoperability},
   month = {10},
   pages = {4283},
   pmid = {31623304},
   publisher = {Multidisciplinary Digital Publishing Institute},
   title = {IoMT Platform for Pervasive Healthcare Data Aggregation, Processing, and Sharing Based on OneM2M and OpenEHR},
   volume = {19},
   url = {https://www.mdpi.com/1424-8220/19/19/4283/htm https://www.mdpi.com/1424-8220/19/19/4283},
   year = {2019},
}

@article{Volkov2017,
   author = {Artem Volkov and Abdukodir Khakimov and Ammar Muthanna and Ruslan Kirichek and Andrei Vladyko and Andrey Koucheryavy},
   doi = {10.1007/978-3-319-61382-6_10/TABLES/2},
   isbn = {9783319613819},
   issn = {16113349},
   journal = {Lecture Notes in Computer Science (including subseries Lecture Notes in Artificial Intelligence and Lecture Notes in Bioinformatics)},
   keywords = {API,Data management,IoT,Mikrotik switches,Round trip time,SDN,Smart city},
   pages = {115-126},
   publisher = {Springer Verlag},
   title = {Interaction of the IoT traffic generated by a smart city segment with SDN core network},
   volume = {10372 LNCS},
   url = {https://link.springer.com/chapter/10.1007/978-3-319-61382-6_10},
   year = {2017},
}

@article{Datta2015,
   author = {Soumya Kanti Datta and Christian Bonnet and Jerome Haerri},
   doi = {10.1109/ISCE.2015.7177778},
   isbn = {9781467373654},
   journal = {Proceedings of the International Symposium on Consumer Electronics, ISCE},
   keywords = {Connected Vehicles,Consumer Centric,Fog Computing,Internet of Things,Onem2M,Smart Mobility},
   month = {8},
   publisher = {Institute of Electrical and Electronics Engineers Inc.},
   title = {Fog Computing architecture to enable consumer centric Internet of Things services},
   volume = {2015-August},
   year = {2015},
}

@article{Liang2018,
   author = {Liang Liang and Lu Xu and Bin Cao and Yunjian Jia},
   doi = {10.1109/JIOT.2018.2828030},
   issn = {23274662},
   issue = {3},
   journal = {IEEE Internet of Things Journal},
   keywords = {Access,clustering,collision,machine to machine (M2M) communications,machine-type communication (MTC) gateway},
   month = {6},
   pages = {2200-2211},
   publisher = {Institute of Electrical and Electronics Engineers Inc.},
   title = {A Cluster-Based Congestion-Mitigating Access Scheme for Massive M2M Communications in Internet of Things},
   volume = {5},
   year = {2018},
}
